@inproceedings{2015finance,
  title={{Modelling high-frequency limit order book dynamics
with support vector machines.}},
  author={Alec N Kercheval and Yuan Zhang},
  booktitle={Quantitative Finance,},
  year={2015},
  note={\url{http:
//www.math.fsu.edu/~kercheva/papers/multi-svm.pdf}},
  organization={15(8):1315-1329}
}

@article{scikit-learn,
 title={Scikit-learn: Machine Learning in {P}ython},
 author={Pedregosa, F. and Varoquaux, G. and Gramfort, A. and Michel, V.
         and Thirion, B. and Grisel, O. and Blondel, M. and Prettenhofer, P.
         and Weiss, R. and Dubourg, V. and Vanderplas, J. and Passos, A. and
         Cournapeau, D. and Brucher, M. and Perrot, M. and Duchesnay, E.},
 journal={Journal of Machine Learning Research},
 volume={12},
 pages={2825--2830},
 year={2011}
}
